@book{paris2004war,
  title={At war's end: building peace after civil conflict},
  author={Paris, Roland},
  year={2004},
  publisher={Cambridge University Press}
}

@article{lacina2005monitoring,
  title={Monitoring trends in global combat: A new dataset of battle deaths},
  author={Lacina, Bethany and Gleditsch, Nils Petter},
  journal={European Journal of Population/Revue Europ{\'e}enne de D{\'e}mographie},
  volume={21},
  pages={145--166},
  year={2005},
  publisher={Springer}
}

@manual{unpk2008,
        title={United Nations Peacekeeping Operations: Principles and Guidelines}, 
        organization={United Nations},
        year={2008}
} 

@manual{ghali1992,
    title={An Agenda for Peace},
    author={Boutros Boutros-Ghali},
    organisation={United Nations},
    year={1992}
}


